@book{plattner2015memory,
  title={The In-Memory Revolution: How SAP HANA Enables Business of the Future},
  author={Plattner, Hasso and Leukert, Bernd},
  year={2015},
  publisher={Springer}
}

@misc{sqlScript,
  author = {SAP},
  title = {{SAP HANA SQLScript Reference}},
  howpublished = "\url{http://help.sap.com/hana/sap_hana_sql_script_reference_en.pdf}",
  year = {2016}, 
  note = "[Online; accessed 18-November-2016]"
}

@inproceedings{Plattner2009Acd,
	Author = {Hasso Plattner},
	Booktitle = {{Proceedings of the 35th SIGMOD International Conference on Management of Data}},
	Publisher = {ACM},
	Title = {{A Common Database Approach for OLTP and OLAP Using an In-Memory Column Database}},
	Year = {2009}
}



@article{lewis_debugging_2003,
	title = {Debugging backwards in time},
	url = {http://arxiv.org/abs/cs/0310016},
	urldate = {2012-11-12},
	journal = {arXiv preprint cs/0310016},
	author = {Lewis, B.},
	year = {2003},
}

@inproceedings{hofer_design_2006,
	address = {Erfurt, Germany},
	title = {Design and {Implementation} of a {Backward}-{In}-{Time} {Debugger}},
	volume = {P-88},
	url = {https://hal.inria.fr/inria-00555768},
	booktitle = {{NODe} 2006},
	publisher = {GI},
	author = {Hofer, Christoph and Denker, Marcus and Ducasse, Stéphane},
	year = {2006},
	pages = {17--32}
}

@inproceedings{pothier_scalable_2007,
	address = {New York, NY, USA},
	series = {{OOPSLA} '07},
	title = {Scalable omniscient debugging},
	isbn = {978-1-59593-786-5},
	url = {http://doi.acm.org/10.1145/1297027.1297067},
	doi = {10.1145/1297027.1297067},
	urldate = {2013-01-20},
	booktitle = {Proceedings of the 22nd annual {ACM} {SIGPLAN} conference on {Object}-oriented programming systems and applications},
	publisher = {ACM},
	author = {Pothier, Guillaume and Tanter, Éric and Piquer, José},
	year = {2007},
	keywords = {execution traces, interface components, omniscient debugging, partial traces, scalability, specialized distributed database},
	pages = {535--552},
}

@inproceedings{ko_debugging_2008,
	address = {New York, NY, USA},
	series = {{ICSE} '08},
	title = {Debugging reinvented: asking and answering why and why not questions about program behavior},
	isbn = {978-1-60558-079-1},
	shorttitle = {Debugging reinvented},
	url = {http://doi.acm.org/10.1145/1368088.1368130},
	doi = {10.1145/1368088.1368130},
	urldate = {2013-01-19},
	booktitle = {Proceedings of the 30th international conference on {Software} engineering},
	publisher = {ACM},
	author = {Ko, Andrew J. and Myers, Brad A.},
	year = {2008},
	keywords = {whyline},
	pages = {301--310},
}

@incollection{lienhard_practical_2008,
	series = {Lecture {Notes} in {Computer} {Science}},
	title = {Practical {Object}-{Oriented} {Back}-in-{Time} {Debugging}},
	copyright = {©2008 Springer-Verlag Berlin Heidelberg},
	isbn = {978-3-540-70591-8 978-3-540-70592-5},
	url = {http://link.springer.com/chapter/10.1007/978-3-540-70592-5_25},
	number = {5142},
	urldate = {2013-01-20},
	booktitle = {{ECOOP} 2008 – {Object}-{Oriented} {Programming}},
	publisher = {Springer Berlin Heidelberg},
	author = {Lienhard, Adrian and Gîrba, Tudor and Nierstrasz, Oscar},
	editor = {Vitek, Jan},
	month = jan,
	year = {2008},
	keywords = {Computer Communication Networks, Logics and Meanings of Programs, Management of Computing and Information Systems, Programming Languages, Compilers, Interpreters, Programming Techniques, Software Engineering},
	pages = {592--615},
}