@article{techreport,
  title = {Extending a Java Virtual Machine to Dynamic Object-oriented Languages},
  author = {Pape, Tobias and Treffer, Arian and Hirschfeld, Robert and Haupt, Michael},
  journaltitle = {HPI Technical Reports},
  issue = {82},
  year = {2013},
  isbn = {978-3-86956-266-7},
}

@inproceedings{soot,
 author = {Treffer, Arian and Uflacker, Matthias},
 title = {Dynamic Slicing with Soot},
 booktitle = {International Workshop on the State of the Art in Java Program Analysis},
 year = {2014},
}

@inproceedings{interactive,
 author = {Treffer, Arian and Uflacker, Matthias and Plattner, Hasso},
 title = {Interactive Dynamic Slicing},
 booktitle = {submitted to International Conference on Tools and Algorithms for the Construction and Analysis of Systems},
 year = {2016},
}

@inproceedings{object-centric,
 author = {Treffer, Arian and Uflacker, Matthias and Plattner, Hasso},
 title = {Unifying Omniscient and Object-centric Debugging},
 booktitle = {submitted to International Conference on Information Computer Application},
 year = {2016},
}