
@inproceedings{feldman_igor_1988,
  address = {New York, NY, USA},
  series = {PADD '88},
  title = {{{IGOR}}: A System for Program Debugging via Reversible Execution},
  isbn = {0-89791-296-9},
  shorttitle = {{{IGOR}}},
  doi = {10.1145/68210.69226},
  timestamp = {2013-10-14T14:18:25Z},
  urldate = {2013-01-20},
  booktitle = {Proceedings of the 1988 {{ACM SIGPLAN}} and {{SIGOPS}} Workshop on {{Parallel}} and Distributed Debugging},
  publisher = {{ACM}},
  author = {Feldman, Stuart I. and Brown, Channing B.},
  year = {1988},
  pages = {112--123}
}

@inproceedings{agrawal_dynamic_1990,
  address = {New York, NY, USA},
  series = {PLDI '90},
  title = {Dynamic {{Program Slicing}}},
  isbn = {0-89791-364-7},
  doi = {10.1145/93542.93576},
  timestamp = {2014-03-12T14:19:36Z},
  urldate = {2014-03-12},
  booktitle = {Proceedings of the {{ACM SIGPLAN}} 1990 {{Conference}} on {{Programming Language Design}} and {{Implementation}}},
  publisher = {{ACM}},
  author = {Agrawal, Hiralal and Horgan, Joseph R.},
  year = {1990},
  pages = {246--256}
}

@article{agrawal_debugging_1993,
  title = {Debugging with Dynamic Slicing and Backtracking},
  volume = {23},
  copyright = {Copyright \textcopyright{} 1993 John Wiley \& Sons, Ltd},
  issn = {1097-024X},
  doi = {10.1002/spe.4380230603},
  language = {en},
  timestamp = {2017-02-01T10:00:34Z},
  number = {6},
  urldate = {2013-01-20},
  journal = {Software: Practice and Experience},
  author = {Agrawal, Hiralal and Demillo, Richard A. and Spafford, Eugene H.},
  year = {1993},
  keywords = {Dynamic program slicing,Execution backtracking,program debugging,Program slicing,Reverse program execution},
  pages = {589--616}
}

@article{weiser_programmers_1982,
  title = {Programmers {{Use Slices When Debugging}}},
  volume = {25},
  issn = {0001-0782},
  doi = {10.1145/358557.358577},
  timestamp = {2015-04-21T12:02:41Z},
  number = {7},
  journal = {Commun. ACM},
  author = {Weiser, Mark},
  month = jul,
  year = {1982},
  keywords = {program decomposition,slice},
  pages = {446--452}
}

@article{wang_dynamic_2008,
  title = {Dynamic {{Slicing}} on {{Java Bytecode Traces}}},
  volume = {30},
  issn = {0164-0925},
  doi = {10.1145/1330017.1330021},
  timestamp = {2014-03-13T15:33:42Z},
  number = {2},
  urldate = {2014-03-13},
  journal = {ACM Trans. Program. Lang. Syst.},
  author = {Wang, Tao and Roychoudhury, Abhik},
  month = mar,
  year = {2008},
  keywords = {Debugging,Program slicing,tracing},
  pages = {10:1--10:49}
}

@article{korel_dynamic_1990,
  title = {Dynamic Slicing of Computer Programs},
  volume = {13},
  issn = {0164-1212},
  doi = {10.1016/0164-1212(90)90094-3},
  timestamp = {2014-03-13T15:40:27Z},
  number = {3},
  urldate = {2014-03-13},
  journal = {Journal of Systems and Software},
  author = {Korel, Bogdan and Laski, Janusz},
  month = nov,
  year = {1990},
  pages = {187--195}
}

@incollection{lienhard_practical_2008,
  series = {Lecture Notes in Computer Science},
  title = {Practical {{Object}}-{{Oriented Back}}-in-{{Time Debugging}}},
  copyright = {\textcopyright{}2008 Springer-Verlag Berlin Heidelberg},
  isbn = {978-3-540-70591-8 978-3-540-70592-5},
  timestamp = {2013-04-11T07:04:02Z},
  number = {5142},
  urldate = {2013-01-20},
  url = {http://link.springer.com/chapter/10.1007/978-3-540-70592-5_25},
  booktitle = {{{ECOOP}} 2008 \textendash{} {{Object}}-{{Oriented Programming}}},
  publisher = {{Springer Berlin Heidelberg}},
  author = {Lienhard, Adrian and G{\^\i}rba, Tudor and Nierstrasz, Oscar},
  editor = {Vitek, Jan},
  month = jan,
  year = {2008},
  keywords = {Computer Communication Networks,Logics and Meanings of Programs,Management of Computing and Information Systems,Programming Languages; Compilers; Interpreters,Programming Techniques,software engineering},
  pages = {592--615}
}

@book{arvind_slicing_2006,
  title = {Slicing of {{Java Programs}} Using the {{Soot Framework}}},
  timestamp = {2014-03-13T15:17:00Z},
  author = {Arvind, D. and Shankar, Priti},
  year = {2006}
}

@inproceedings{zhang_precise_2003,
  title = {Precise Dynamic Slicing Algorithms},
  doi = {10.1109/ICSE.2003.1201211},
  timestamp = {2014-03-12T14:19:36Z},
  booktitle = {25th {{International Conference}} on {{Software Engineering}}, 2003. {{Proceedings}}},
  author = {Zhang, Xiangyu and Gupta, R. and Zhang, Youtao},
  month = may,
  year = {2003},
  keywords = {Algorithm design and analysis,computational complexity,Computer aided instruction,Computer science,Costs,Data analysis,Debugging,dynamic data dependence graph,full preprocessing algorithm,graph theory,Heuristic algorithms,limited preprocessing algorithm,no preprocessing algorithm,precise dynamic slicing algorithms,Program slicing,Sequential analysis,software engineering,Timing},
  pages = {319--329}
}

@article{lewis_debugging_2003,
  title = {Debugging {{Backwards}} in {{Time}}},
  volume = {cs.SE/0310016},
  timestamp = {2017-02-01T09:56:51Z},
  urldate = {2012-11-12},
  url = {http://arxiv.org/abs/cs/0310016},
  journal = {Computing Research Repository},
  author = {Lewis, Bil},
  year = {2003}
}

@inproceedings{weiser_program_1981,
  address = {Piscataway, NJ, USA},
  series = {ICSE '81},
  title = {Program {{Slicing}}},
  isbn = {0-89791-146-6},
  timestamp = {2015-02-20T10:42:16Z},
  urldate = {2013-10-15},
  url = {http://dl.acm.org/citation.cfm?id=800078.802557},
  booktitle = {Proceedings of the 5th International Conference on {{Software}} Engineering},
  publisher = {{IEEE Press}},
  author = {Weiser, Mark},
  year = {1981},
  keywords = {Data flow analysis,Debugging,Human Factors,Program maintenance,Program metrics,Software tools},
  pages = {439--449}
}

@inproceedings{pothier_scalable_2007,
  address = {New York, NY, USA},
  series = {OOPSLA '07},
  title = {Scalable Omniscient Debugging},
  isbn = {978-1-59593-786-5},
  doi = {10.1145/1297027.1297067},
  timestamp = {2013-04-11T07:04:02Z},
  urldate = {2013-01-20},
  booktitle = {Proceedings of the 22nd Annual {{ACM SIGPLAN}} Conference on {{Object}}-Oriented Programming Systems and Applications},
  publisher = {{ACM}},
  author = {Pothier, Guillaume and Tanter, {\'E}ric and Piquer, Jos{\'e}},
  year = {2007},
  keywords = {execution traces,interface components,omniscient debugging,partial traces,scalability,specialized distributed database},
  pages = {535--552}
}

@inproceedings{szegedi_dynamic_2005,
  title = {Dynamic Slicing of {{Java}} Bytecode Programs},
  doi = {10.1109/SCAM.2005.8},
  timestamp = {2014-03-13T15:33:39Z},
  booktitle = {Fifth {{IEEE International Workshop}} on {{Source Code Analysis}} and {{Manipulation}}, 2005},
  author = {Szegedi, A. and Gyimothy, T.},
  month = sep,
  year = {2005},
  keywords = {Concrete,Conferences,Debugging,Dynamic program slicing,Instruments,Java,Java bytecode programs,Manuals,program compilers,Program processors,Program slicing,software engineering,source code locations,virtual machine,Virtual machining},
  pages = {35--44}
}

@article{binkley_theoretical_2006,
  title = {Theoretical Foundations of Dynamic Program Slicing},
  volume = {360},
  issn = {0304-3975},
  doi = {http://dx.doi.org/10.1016/j.tcs.2006.01.012},
  timestamp = {2014-03-12T14:19:36Z},
  number = {1\textendash{}3},
  journal = {Theoretical Computer Science},
  author = {Binkley, Dave and Danicic, Sebastian and Gyim{\'o}thy, Tibor and Harman, Mark and Kiss, {\'A}kos and Korel, Bogdan},
  year = {2006},
  keywords = {Dynamic,slicing},
  pages = {23 -- 41}
}

@inproceedings{treffer_dynamic_2014,
  address = {New York, NY, USA},
  series = {SOAP '14},
  title = {Dynamic {{Slicing}} with {{Soot}}},
  isbn = {978-1-4503-2919-4},
  doi = {10.1145/2614628.2614631},
  timestamp = {2016-08-08T19:01:51Z},
  booktitle = {Proceedings of the 3rd {{ACM SIGPLAN International Workshop}} on the {{State}} of the {{Art}} in {{Java Program Analysis}}},
  publisher = {{ACM}},
  author = {Treffer, Arian and Uflacker, Matthias},
  year = {2014},
  keywords = {debugging,dynamic analysis,slicing,static analysis},
  pages = {1--6}
}

@inproceedings{balzer_exdams_1969,
  address = {New York, NY, USA},
  series = {AFIPS '69 (Spring)},
  title = {{{EXDAMS}}: {{Extendable Debugging}} and {{Monitoring System}}},
  doi = {10.1145/1476793.1476881},
  timestamp = {2016-08-08T19:42:56Z},
  booktitle = {Proceedings of the {{May}} 14-16, 1969, {{Spring Joint Computer Conference}}},
  publisher = {{ACM}},
  author = {Balzer, R. M.},
  year = {1969},
  pages = {567--580}
}

@inproceedings{salman_are_2015,
  address = {Piscataway, NJ, USA},
  series = {ICSE '15},
  title = {Are {{Students Representatives}} of {{Professionals}} in {{Software Engineering Experiments}}?},
  isbn = {978-1-4799-1934-5},
  timestamp = {2016-12-27T12:43:09Z},
  urldate = {2016-12-27},
  url = {http://dl.acm.org/citation.cfm?id=2818754.2818836},
  booktitle = {Proceedings of the 37th {{International Conference}} on {{Software Engineering}} - {{Volume}} 1},
  publisher = {{IEEE Press}},
  author = {Salman, Iflaah and Misirli, Ayse Tosun and Juristo, Natalia},
  year = {2015},
  keywords = {code quality,empirical study,experimentation,test-driven development},
  pages = {666--676}
}

@inproceedings{hofer_design_2006,
  title = {Design and Implementation of a Backward-in-Time Debugger},
  timestamp = {2017-01-09T08:45:05Z},
  urldate = {2017-01-09},
  url = {https://hal.archives-ouvertes.fr/inria-00555768/},
  booktitle = {{{NODe}} 2006},
  publisher = {{GI}},
  author = {Hofer, Christoph and Denker, Marcus and Ducasse, St{\'e}phane},
  year = {2006},
  pages = {17--32}
}

@phdthesis{perscheid_testdriven_2013,
  type = {Dissertation},
  title = {Test-Driven {{Fault Navigation}} for {{Debugging Reproducible Failures}}},
  timestamp = {2017-02-01T10:13:29Z},
  school = {University of Potsdam},
  author = {Perscheid, Michael},
  month = oct,
  year = {2013}
}

@inproceedings{just_defects4j_2014,
  title = {{{Defects4J}}: {{A}} Database of Existing Faults to Enable Controlled Testing Studies for {{Java}} Programs},
  shorttitle = {{{Defects4J}}},
  timestamp = {2017-02-15T12:46:25Z},
  urldate = {2017-02-15},
  url = {http://dl.acm.org/citation.cfm?id=2628055},
  booktitle = {Proceedings of the 2014 {{International Symposium}} on {{Software Testing}} and {{Analysis}}},
  publisher = {{ACM}},
  author = {Just, Ren{\'e} and Jalali, Darioush and Ernst, Michael D.},
  year = {2014},
  pages = {437--440}
}

@article{host_using_2000,
  title = {Using Students as Subjects\textemdash{}a Comparative Study of Students and Professionals in Lead-Time Impact Assessment},
  volume = {5},
  timestamp = {2017-02-15T13:31:49Z},
  number = {3},
  urldate = {2017-02-15},
  url = {http://www.springerlink.com/index/WR11301162W4U937.pdf},
  journal = {Empirical Software Engineering},
  author = {H{\"o}st, Martin and Regnell, Bj{\"o}rn and Wohlin, Claes},
  year = {2000},
  pages = {201--214}
}

@inproceedings{mcmeekin_significance_2009,
  title = {The Significance of Participant Experience When Evaluating Software Inspection Techniques},
  timestamp = {2017-02-15T13:44:12Z},
  urldate = {2017-02-15},
  url = {http://ieeexplore.ieee.org/abstract/document/5076642/},
  booktitle = {Software {{Engineering Conference}}, 2009. {{ASWEC}}'09. {{Australian}}},
  publisher = {{IEEE}},
  author = {McMeekin, David A. and {von Konsky}, Brian R. and Robey, Michael and Cooper, David JA},
  year = {2009},
  pages = {200--209}
}

@article{lieberman_zstep_1997,
  title = {{{ZStep}} 95: {{A Reversible}}, {{Animated Source Code Stepper}}},
  shorttitle = {{{ZStep}} 95},
  timestamp = {2017-02-27T10:02:44Z},
  urldate = {2017-02-27},
  url = {http://web.media.mit.edu/~lieber/Lieberary/ZStep/ZStep-SoftViz/ZStep-SoftViz.rtf},
  journal = {Software Visualization: Programming as a Multimedia Experience},
  author = {Lieberman, Henry and Fry, Christopher},
  year = {1997},
  keywords = {Christopher Fry,CiteSeerX,Henry Lieberman},
  pages = {277--292}
}

@inproceedings{venkatesh_semantic_1991,
  title = {The Semantic Approach to Program Slicing},
  volume = {26},
  timestamp = {2017-02-28T08:36:47Z},
  urldate = {2017-02-28},
  url = {http://dl.acm.org/citation.cfm?id=113455},
  booktitle = {{{ACM SIGPLAN Notices}}},
  publisher = {{ACM}},
  author = {Venkatesh, Guda A.},
  year = {1991},
  pages = {107--119}
}

@article{hall_automatic_1995,
  title = {Automatic Extraction of Executable Program Subsets by Simultaneous Dynamic Program Slicing},
  volume = {2},
  timestamp = {2017-02-28T08:38:03Z},
  number = {1},
  urldate = {2017-02-28},
  url = {http://www.springerlink.com/index/LK75668XT56432XM.pdf},
  journal = {Automated Software Engineering},
  author = {Hall, Robert J.},
  year = {1995},
  pages = {33--53}
}

@article{perscheid_studying_2017,
  title = {Studying the Advancement in Debugging Practice of Professional Software Developers},
  volume = {25},
  issn = {0963-9314, 1573-1367},
  doi = {10.1007/s11219-015-9294-2},
  language = {en},
  timestamp = {2017-02-28T08:56:40Z},
  number = {1},
  urldate = {2017-02-28},
  journal = {Software Quality Journal},
  author = {Perscheid, Michael and Siegmund, Benjamin and Taeumel, Marcel and Hirschfeld, Robert},
  month = mar,
  year = {2017},
  pages = {83--110}
}

@book{zeller_why_2009,
  title = {Why Programs Fail: A Guide to Systematic Debugging},
  shorttitle = {Why Programs Fail},
  timestamp = {2017-02-28T08:58:25Z},
  urldate = {2017-02-28},
  url = {https://books.google.de/books?hl=de\&lr=\&id=_63Bm4LAdDIC\&oi=fnd\&pg=PP1\&dq=why+programs+fail\&ots=TAyt27EyL2\&sig=GBmcd-Eg5RgKXbKAbax4bSjJ-sU},
  publisher = {{Elsevier}},
  author = {Zeller, Andreas},
  year = {2009}
}

@article{wong_survey_2016,
  title = {A Survey on Software Fault Localization},
  volume = {42},
  timestamp = {2017-02-28T09:00:32Z},
  number = {8},
  urldate = {2017-02-28},
  url = {http://ieeexplore.ieee.org/abstract/document/7390282/},
  journal = {IEEE Transactions on Software Engineering},
  author = {Wong, W. Eric and Gao, Ruizhi and Li, Yihao and Abreu, Rui and Wotawa, Franz},
  year = {2016},
  pages = {707--740}
}

@inproceedings{kumar_better_2002,
  title = {Better Slicing of Programs with Jumps and Switches},
  timestamp = {2017-02-28T18:32:40Z},
  urldate = {2017-02-28},
  url = {http://link.springer.com/chapter/10.1007/3-540-45923-5_7},
  booktitle = {International {{Conference}} on {{Fundamental Approaches}} to {{Software Engineering}}},
  publisher = {{Springer}},
  author = {Kumar, Sumit and Horwitz, Susan},
  year = {2002},
  pages = {96--112}
}

@article{reps_speeding_1994,
  title = {Speeding up Slicing},
  volume = {19},
  timestamp = {2017-02-28T18:34:02Z},
  number = {5},
  urldate = {2017-02-28},
  url = {http://dl.acm.org/citation.cfm?id=195287},
  journal = {ACM SIGSOFT Software Engineering Notes},
  author = {Reps, Thomas and Horwitz, Susan and Sagiv, Mooly and Rosay, Genevieve},
  year = {1994},
  pages = {11--20}
}

@article{korel_dynamic_1998,
  title = {Dynamic Program Slicing Methods},
  volume = {40},
  timestamp = {2017-02-28T18:35:46Z},
  number = {11},
  urldate = {2017-02-28},
  url = {http://www.sciencedirect.com/science/article/pii/S0950584998000895},
  journal = {Information and Software Technology},
  author = {Korel, Bogdan and Rilling, Jurgen},
  year = {1998},
  pages = {647--659}
}



@inproceedings{lam_11_the_soot_framework,
  location = {{Galveston Island, TX}},
  title = {The {{Soot}} Framework for {{Java}} Program Analysis: A Retrospective},
  timestamp = {2014-03-13T15:08:01Z},
  booktitle = {Cetus {{Users}} and {{Compiler Infrastructure Workshop}}},
  author = {Lam, Patrick and Bodden, Eric and Lhoták, Ondřej and Hendren, Laurie},
  date = {2011-10}
}

@article{hammacher_08_design_and_implementation,
  title = {Design and {{Implementation}} of an {{Efficient Dynamic Slicer}} for {{Java}}},
  timestamp = {2017-06-30T08:49:18Z},
  author = {Hammacher, Clemens},
  date = {2008}
}

@inproceedings{altmann_04_task_interruption_resumption_lag,
  title = {Task Interruption: {{Resumption}} Lag and the Role of Cues},
  volume = {26},
  url = {http://escholarship.org/uc/item/18b4r661.pdf},
  shorttitle = {Task Interruption},
  timestamp = {2017-07-04T16:04:37Z},
  booktitle = {Proceedings of the {{Cognitive Science Society}}},
  author = {Altmann, Erik M. and Trafton, J. Gregory},
  date = {2004}
}


@inproceedings{Backes:2016:RLA:2897845.2897927,
 author = {Backes, Michael and Bugiel, Sven and Derr, Erik and Gerling, Sebastian and Hammer, Christian},
 title = {R-Droid: Leveraging Android App Analysis with Static Slice Optimization},
 booktitle = {Proceedings of the 11th ACM on Asia Conference on Computer and Communications Security},
 series = {ASIA CCS '16},
 year = {2016},
 isbn = {978-1-4503-4233-9},
 location = {Xi'an, China},
 pages = {129--140},
 numpages = {12},
 url = {http://doi.acm.org/10.1145/2897845.2897927},
 doi = {10.1145/2897845.2897927},
 acmid = {2897927},
 publisher = {ACM},
 address = {New York, NY, USA},
 keywords = {android, app analysis, constant propagation, mobile security, slice optimization, string analysis},
} 



@article{Ottenstein:1984:PDG:390011.808263,
 author = {Ottenstein, Karl J. and Ottenstein, Linda M.},
 title = {The Program Dependence Graph in a Software Development Environment},
 journal = {SIGPLAN Not.},
 issue_date = {May 1984},
 volume = {19},
 number = {5},
 month = apr,
 year = {1984},
 issn = {0362-1340},
 pages = {177--184},
 numpages = {8},
 url = {http://doi.acm.org/10.1145/390011.808263},
 doi = {10.1145/390011.808263},
 acmid = {808263},
 publisher = {ACM},
 address = {New York, NY, USA},
 keywords = {Code optimization, Control flow, Data flow, Debugging, Internal program representation, Interpreter, Program slice, Software complexity metrics},
}

@article{Sridharan:2007:TS:1273442.1250748,
 author = {Sridharan, Manu and Fink, Stephen J. and Bodik, Rastislav},
 title = {Thin Slicing},
 journal = {SIGPLAN Not.},
 issue_date = {June 2007},
 volume = {42},
 number = {6},
 month = jun,
 year = {2007},
 issn = {0362-1340},
 pages = {112--122},
 numpages = {11},
 url = {http://doi.acm.org/10.1145/1273442.1250748},
 doi = {10.1145/1273442.1250748},
 acmid = {1250748},
 publisher = {ACM},
 address = {New York, NY, USA},
 keywords = {debugging, program understanding, slicing},
} 


@article{araki91:a_general_framework,
  title = {A {{General Framework}} for {{Debugging}}},
  volume = {8},
  url = {http://ieeexplore.ieee.org/abstract/document/88939/},
  number = {3},
  journaltitle = {IEEE software},
  date = {1991},
  pages = {14--20},
  author = {Araki, Keijiro and Furukawa, Zengo and Cheng, Jingde}
}


