
@inproceedings{treffer17:back-in-time_debugging_in_heterogeneous,
  title = {Back-in-{{Time Debugging}} in {{Heterogeneous Software Stacks}}},
  doi = {10.1109/ISSREW.2017.62},
  eventtitle = {2017 {{IEEE International Symposium}} on {{Software Reliability Engineering Workshops}} ({{ISSREW}})},
  booktitle = {2017 {{IEEE International Symposium}} on {{Software Reliability Engineering Workshops}} ({{ISSREW}})},
  date = {2017-10},
  pages = {183-190},
  keywords = {program debugging,Conferences,programming languages,3-tier application,arbitrary heterogeneous software systems,back-in-time debugging,complex business applications,debugging tools,developer feedback,entire stack,heterogeneous software stacks,omniscient debuggers,prototype back-in-time debugger,seamless debugging,Software reliability,debugging hana back-in-time},
  author = {Treffer, A. and Uflacker, M.}
}

@book{pape14:extending_a_java_virtual,
  title = {Extending a {{Java Virtual Machine}} to {{Dynamic Object}}-Oriented {{Languages}}},
  volume = {82},
  isbn = {978-3- 86956-266-7},
  publisher = {{Universit√§tsverlag Potsdam}},
  date = {2014},
  author = {Pape, Tobias and Treffer, Arian and Hirschfeld, Robert and Haupt, Michael}
}

@inproceedings{treffer17:bringing_back-in-time_debugging,
  title = {Bringing Back-in-Time Debugging down to the Database},
  booktitle = {2017 {{IEEE}} 24th {{International Conference}} on {{Software Analysis}}, {{Evolution}} and {{Reengineering}} ({{SANER}})},
  publisher = {{IEEE}},
  date = {2017-02},
  keywords = {database debugging hana back-in-time},
  author = {Treffer, Arian and Perscheid, Michael and Uflacker, Matthias}
}

@inproceedings{matthies17:prof_ci_employing_continuous,
  location = {{Indianapolis, IN}},
  title = {Prof. {{CI}}: {{Employing}} Continuous Integration Services and {{Github}} Workflows to Teach Test-Driven Development},
  isbn = {978-1-5090-5920-1},
  doi = {10.1109/FIE.2017.8190589},
  shorttitle = {Prof. {{CI}}},
  eventtitle = {2017 {{IEEE Frontiers}} in {{Education Conference}} ({{FIE}})},
  booktitle = {2017 {{IEEE Frontiers}} in {{Education Conference}} ({{FIE}})},
  publisher = {{IEEE}},
  date = {2017-10},
  pages = {1-8},
  author = {Matthies, Christoph and Treffer, Arian and Uflacker, Matthias}
}

@inproceedings{treffer12:understanding_code_with_execution,
  location = {{Potsdam, Germany}},
  title = {Understanding {{Code}} with {{Execution Traces}}},
  volume = {6},
  booktitle = {Proceedings of the 6th {{Ph}}. {{D}}. {{Retreat}} of the {{HPI Research School}} on {{Service}}-Oriented {{Systems Engineering}}},
  series = {SOSE},
  date = {2012},
  keywords = {imported},
  author = {Treffer, Arian},
  organization = {{Hasso-Plattner-Institut}}
}

@inproceedings{treffer13:extending_omniscient_debuggers,
  location = {{Potsdam, Germany}},
  title = {Extending {{Omniscient Debuggers}}},
  volume = {7},
  booktitle = {Proceedings of the 7th {{Ph}}. {{D}}. {{Retreat}} of the {{HPI Research School}} on {{Service}}-Oriented {{Systems Engineering}}},
  series = {SOSE},
  date = {2013},
  keywords = {imported},
  author = {Treffer, Arian},
  organization = {{Hasso-Plattner-Institut}}
}

@inproceedings{treffer14:omniscient_debugging_in_database,
  location = {{Potsdam, Germany}},
  title = {Omniscient {{Debugging}} in {{Database Applications}}},
  volume = {8},
  booktitle = {Proceedings of the 8th {{Ph}}. {{D}}. {{Retreat}} of the {{HPI Research School}} on {{Service}}-Oriented {{Systems Engineering}}},
  series = {SOSE},
  date = {2014},
  keywords = {imported},
  author = {Treffer, Arian},
  organization = {{Hasso-Plattner-Institut}}
}

@inproceedings{treffer14:dynamic_slicing_with_soot,
  location = {{New York, NY, USA}},
  title = {Dynamic {{Slicing}} with {{Soot}}},
  isbn = {978-1-4503-2919-4},
  doi = {10.1145/2614628.2614631},
  booktitle = {Proceedings of the 3rd {{ACM SIGPLAN International Workshop}} on the {{State}} of the {{Art}} in {{Java Program Analysis}}},
  series = {SOAP '14},
  publisher = {{ACM}},
  date = {2014},
  pages = {1--6},
  keywords = {slicing,debugging,dynamic analysis,static analysis},
  author = {Treffer, Arian and Uflacker, Matthias}
}

@inproceedings{treffer16:the_slice_navigator_focused,
  title = {The {{Slice Navigator}}: {{Focused Debugging}} with {{Interactive Dynamic Slicing}}},
  isbn = {978-1-5090-3601-1},
  doi = {10.1109/ISSREW.2016.17},
  shorttitle = {The {{Slice Navigator}}},
  booktitle = {2016 {{IEEE International Symposium}} on {{Software Reliability Engineering Workshops}} ({{ISSREW}})},
  date = {2016-10},
  pages = {175-180},
  keywords = {Conferences,Software reliability},
  author = {Treffer, A. and Uflacker, M.}
}

@inproceedings{treffer15:time-travel_queries_for_omniscient,
  location = {{Potsdam, Germany}},
  title = {Time-Travel {{Queries}} for {{Omniscient Database Debuggers}}},
  volume = {9},
  booktitle = {Proceedings of the 9th {{Ph}}. {{D}}. {{Retreat}} of the {{HPI Research School}} on {{Service}}-Oriented {{Systems Engineering}}},
  series = {SOSE},
  date = {2015},
  keywords = {imported},
  author = {Treffer, Arian},
  organization = {{Hasso-Plattner-Institut}}
}

@article{treffer18:interactive_dynamic_slicing_tracking,
  title = {Interactive {{Dynamic Slicing}}: {{Tracking Infection Chains}} with the {{Slice Navigator}}},
  journaltitle = {submitted to Science of Computer Programming},
  date = {2018},
  author = {Treffer, Arian and Uflacker, Matthias and Plattner, Hasso}
}


