
@inproceedings{ko_07_information_needs_in_collocated,
  timestamp = {2012-11-12T09:38:20Z},
  location = {{Washington, DC, USA}},
  title = {Information {{Needs}} in {{Collocated Software Development Teams}}},
  isbn = {0-7695-2828-7},
  doi = {10.1109/ICSE.2007.45},
  booktitle = {Proceedings of the 29th International Conference on {{Software Engineering}}},
  series = {ICSE '07},
  publisher = {{IEEE Computer Society}},
  author = {Ko, Andrew J. and DeLine, Robert and Venolia, Gina},
  date = {2007},
  pages = {344--353},
  groups = {Intro}
}

@article{lewis_03_debugging_backwards_in_time,
  timestamp = {2017-11-06T09:56:48Z},
  title = {Debugging {{Backwards}} in {{Time}}},
  url = {http://arxiv.org/abs/cs/0310016},
  journaltitle = {arXiv preprint cs/0310016},
  author = {Lewis, B.},
  urldate = {2012-11-12},
  date = {2003}
}

@inproceedings{sillito_06_questions_programmers_ask,
  timestamp = {2012-11-15T12:01:27Z},
  location = {{New York, NY, USA}},
  title = {Questions Programmers Ask during Software Evolution Tasks},
  isbn = {1-59593-468-5},
  doi = {10.1145/1181775.1181779},
  booktitle = {Proceedings of the 14th {{ACM SIGSOFT}} International Symposium on {{Foundations}} of Software Engineering},
  series = {SIGSOFT '06/FSE-14},
  publisher = {{ACM}},
  author = {Sillito, Jonathan and Murphy, Gail C. and De Volder, Kris},
  urldate = {2012-11-15},
  date = {2006},
  pages = {23--34},
  keywords = {change tasks,development tools,program comprehension,grounded theory,empirical study,software evolution},
  groups = {Intro,interactive}
}

@inproceedings{ko_08_debugging_reinvented_asking,
  timestamp = {2013-01-19T21:35:52Z},
  location = {{New York, NY, USA}},
  title = {Debugging Reinvented: Asking and Answering Why and Why Not Questions about Program Behavior},
  isbn = {978-1-60558-079-1},
  doi = {10.1145/1368088.1368130},
  shorttitle = {Debugging Reinvented},
  booktitle = {Proceedings of the 30th International Conference on {{Software}} Engineering},
  series = {ICSE '08},
  publisher = {{ACM}},
  author = {Ko, Andrew J. and Myers, Brad A.},
  urldate = {2013-01-19},
  date = {2008},
  pages = {301--310},
  keywords = {whyline},
  groups = {ids}
}

@inproceedings{pothier_07_scalable_omniscient_debugging,
  timestamp = {2013-01-20T21:01:45Z},
  location = {{New York, NY, USA}},
  title = {Scalable Omniscient Debugging},
  isbn = {978-1-59593-786-5},
  doi = {10.1145/1297027.1297067},
  booktitle = {Proceedings of the 22nd Annual {{ACM SIGPLAN}} Conference on {{Object}}-Oriented Programming Systems and Applications},
  series = {OOPSLA '07},
  publisher = {{ACM}},
  author = {Pothier, Guillaume and Tanter, Éric and Piquer, José},
  urldate = {2013-01-20},
  date = {2007},
  pages = {535--552},
  keywords = {specialized distributed database,interface components,partial traces,scalability,omniscient debugging,execution traces}
}

@incollection{lienhard_08_practical_objectoriented_backintime_debugging,
  timestamp = {2013-01-20T21:04:26Z},
  title = {Practical {{Object}}-{{Oriented Back}}-in-{{Time Debugging}}},
  rights = {©2008 Springer-Verlag Berlin Heidelberg},
  isbn = {978-3-540-70591-8 978-3-540-70592-5},
  url = {http://link.springer.com/chapter/10.1007/978-3-540-70592-5_25},
  number = {5142},
  booktitle = {{{ECOOP}} 2008 – {{Object}}-{{Oriented Programming}}},
  series = {Lecture Notes in Computer Science},
  publisher = {{Springer Berlin Heidelberg}},
  author = {Lienhard, Adrian and Gîrba, Tudor and Nierstrasz, Oscar},
  editor = {Vitek, Jan},
  urldate = {2013-01-20},
  date = {2008-01-01},
  pages = {592--615},
  keywords = {Programming Languages; Compilers; Interpreters,Programming Techniques,Computer Communication Networks,Management of Computing and Information Systems,Software Engineering,Logics and Meanings of Programs}
}

@inproceedings{feldman_88_igor_a_system,
  timestamp = {2013-01-20T21:35:54Z},
  location = {{New York, NY, USA}},
  title = {{{IGOR}}: A System for Program Debugging via Reversible Execution},
  isbn = {0-89791-296-9},
  doi = {10.1145/68210.69226},
  shorttitle = {{{IGOR}}},
  booktitle = {Proceedings of the 1988 {{ACM SIGPLAN}} and {{SIGOPS}} Workshop on {{Parallel}} and Distributed Debugging},
  series = {PADD '88},
  publisher = {{ACM}},
  author = {Feldman, Stuart I. and Brown, Channing B.},
  urldate = {2013-01-20},
  date = {1988},
  pages = {112--123}
}

@article{agrawal_93_debugging_with_dynamic_slicing,
  timestamp = {2013-01-20T21:37:36Z},
  langid = {english},
  title = {Debugging with Dynamic Slicing and Backtracking},
  volume = {23},
  rights = {Copyright © 1993 John Wiley \& Sons, Ltd},
  issn = {1097-024X},
  doi = {10.1002/spe.4380230603},
  number = {6},
  journaltitle = {Software: Practice and Experience},
  author = {Agrawal, Hiralal and Demillo, Richard A. and Spafford, Eugene H.},
  urldate = {2013-01-20},
  date = {1993},
  pages = {589--616},
  keywords = {Program slicing,Dynamic program slicing,Reverse program execution,Program debugging,Execution backtracking}
}

@article{ernst_07_the_daikon_system,
  timestamp = {2013-04-09T13:42:23Z},
  title = {The {{Daikon}} System for Dynamic Detection of Likely Invariants},
  volume = {69},
  url = {http://www.sciencedirect.com/science/article/pii/S016764230700161X},
  number = {1},
  journaltitle = {Science of Computer Programming},
  author = {Ernst, Michael D. and Perkins, Jeff H. and Guo, Philip J. and McCamant, Stephen and Pacheco, Carlos and Tschantz, Matthew S. and Xiao, Chen},
  urldate = {2013-04-09},
  date = {2007},
  pages = {35--45},
  groups = {Intro}
}

@article{binkley_06_theoretical_foundations_of_dynamic,
  timestamp = {2014-03-12T09:46:14Z},
  title = {Theoretical Foundations of Dynamic Program Slicing},
  volume = {360},
  issn = {0304-3975},
  doi = {http://dx.doi.org/10.1016/j.tcs.2006.01.012},
  issue = {1–3},
  journaltitle = {Theoretical Computer Science},
  author = {Binkley, Dave and Danicic, Sebastian and Gyimóthy, Tibor and Harman, Mark and Kiss, Ákos and Korel, Bogdan},
  date = {2006},
  pages = {23 -- 41},
  keywords = {slicing,Dynamic}
}

@inproceedings{agrawal_90_dynamic_program_slicing,
  timestamp = {2014-03-12T09:52:33Z},
  location = {{New York, NY, USA}},
  title = {Dynamic {{Program Slicing}}},
  isbn = {0-89791-364-7},
  doi = {10.1145/93542.93576},
  booktitle = {Proceedings of the {{ACM SIGPLAN}} 1990 {{Conference}} on {{Programming Language Design}} and {{Implementation}}},
  series = {PLDI '90},
  publisher = {{ACM}},
  author = {Agrawal, Hiralal and Horgan, Joseph R.},
  urldate = {2014-03-12},
  date = {1990},
  pages = {246--256}
}

@inproceedings{zhang_03_precise_dynamic_slicing_algorithms,
  timestamp = {2014-03-12T09:57:16Z},
  title = {Precise Dynamic Slicing Algorithms},
  doi = {10.1109/ICSE.2003.1201211},
  eventtitle = {25th {{International Conference}} on {{Software Engineering}}, 2003. {{Proceedings}}},
  booktitle = {25th {{International Conference}} on {{Software Engineering}}, 2003. {{Proceedings}}},
  author = {Zhang, Xiangyu and Gupta, R. and Zhang, Youtao},
  date = {2003-05},
  pages = {319--329},
  keywords = {Program slicing,limited preprocessing algorithm,full preprocessing algorithm,Algorithm design and analysis,Sequential analysis,Heuristic algorithms,computational complexity,Timing,Computer science,Costs,Software Engineering,no preprocessing algorithm,dynamic data dependence graph,graph theory,precise dynamic slicing algorithms,Computer aided instruction,Data analysis,debugging}
}

@inproceedings{lam_11_the_soot_framework,
  timestamp = {2014-03-13T15:07:48Z},
  location = {{Galveston Island, TX}},
  title = {The {{Soot}} Framework for {{Java}} Program Analysis: A Retrospective},
  booktitle = {Cetus {{Users}} and {{Compiler Infrastructure Workshop}}},
  author = {Lam, Patrick and Bodden, Eric and Lhoták, Ondřej and Hendren, Laurie},
  date = {2011-10},
  groups = {ids}
}

@article{lieberman_95_zstep_95_a_reversible,
  timestamp = {2016-11-24T13:00:40Z},
  title = {{{ZStep}} 95: {{A Reversible}}, {{Animated Source Code Stepper}}},
  url = {http://130.203.133.150/viewdoc/versions;jsessionid=893D311F60B29FD557D247EA78CE8315?doi=10.1.1.54.4007&version=0},
  shorttitle = {{{ZStep}} 95},
  author = {Lieberman, Henry and Fry, Christopher},
  urldate = {2013-01-20},
  date = {1995},
  keywords = {CiteSeerX,Christopher Fry,Henry Lieberman}
}

@inproceedings{balzer_69_exdams_extendable_debugging,
  timestamp = {2016-11-24T13:29:10Z},
  location = {{New York, NY, USA}},
  title = {{{EXDAMS}}: {{Extendable Debugging}} and {{Monitoring System}}},
  doi = {10.1145/1476793.1476881},
  booktitle = {Proceedings of the {{May}} 14-16, 1969, {{Spring Joint Computer Conference}}},
  series = {AFIPS '69 (Spring)},
  publisher = {{ACM}},
  author = {Balzer, R. M.},
  date = {1969},
  pages = {567--580}
}

@book{zeller_09_why_programs_fail,
  timestamp = {2017-05-26T11:45:56Z},
  title = {Why Programs Fail: A Guide to Systematic Debugging},
  url = {https://books.google.de/books?hl=de&lr=&id=_63Bm4LAdDIC&oi=fnd&pg=PP1&dq=why+programs+fail&ots=TAyt27EyL2&sig=GBmcd-Eg5RgKXbKAbax4bSjJ-sU},
  shorttitle = {Why Programs Fail},
  publisher = {{Elsevier}},
  author = {Zeller, Andreas},
  urldate = {2017-02-28},
  date = {2009},
  groups = {Intro}
}

@inproceedings{li_06_have_things_changed_now,
  timestamp = {2017-05-26T11:45:56Z},
  title = {Have Things Changed Now?: An Empirical Study of Bug Characteristics in Modern Open Source Software},
  url = {http://dl.acm.org/citation.cfm?id=1181314},
  shorttitle = {Have Things Changed Now?},
  booktitle = {Proceedings of the 1st Workshop on {{Architectural}} and System Support for Improving Software Dependability},
  publisher = {{ACM}},
  author = {Li, Zhenmin and Tan, Lin and Wang, Xuanhui and Lu, Shan and Zhou, Yuanyuan and Zhai, Chengxiang},
  urldate = {2017-03-21},
  date = {2006},
  pages = {25--33},
  groups = {Intro}
}

@article{tassey_02_the_economic_impacts,
  timestamp = {2017-05-26T11:45:56Z},
  title = {The Economic Impacts of Inadequate Infrastructure for Software Testing},
  volume = {7007},
  url = {http://citeseerx.ist.psu.edu/viewdoc/download?doi=10.1.1.122.3316&rep=rep1&type=pdf},
  issue = {011},
  journaltitle = {National Institute of Standards and Technology, RTI Project},
  author = {Tassey, Gregory},
  urldate = {2017-03-21},
  date = {2002},
  groups = {Intro}
}

@inproceedings{sakurai_15_the_omission_finder,
  timestamp = {2017-05-26T11:45:56Z},
  title = {The Omission Finder for Debugging What-Should-Have-Happened Bugs in Object-Oriented Programs},
  url = {http://dl.acm.org/citation.cfm?id=2695735},
  booktitle = {Proceedings of the 30th {{Annual ACM Symposium}} on {{Applied Computing}}},
  publisher = {{ACM}},
  author = {Sakurai, Kouhei and Masuhara, Hidehiko},
  urldate = {2017-03-21},
  date = {2015},
  pages = {1962--1969},
  groups = {Intro}
}

@article{eisenstadt_97_my_hairiest_bug_war,
  timestamp = {2017-05-26T11:45:56Z},
  title = {My Hairiest Bug War Stories},
  volume = {40},
  url = {http://dl.acm.org/citation.cfm?id=248456},
  number = {4},
  journaltitle = {Communications of the ACM},
  author = {Eisenstadt, Marc},
  urldate = {2017-03-21},
  date = {1997},
  pages = {30--37},
  groups = {Intro}
}

@article{ballou_08_improving_software_quality,
  timestamp = {2017-05-26T11:45:56Z},
  title = {Improving Software Quality to Drive Business Agility. {{White}} Paper},
  journaltitle = {International Data Corporation},
  author = {Ballou, Melinda-Carol},
  date = {2008},
  groups = {Intro}
}

@article{sakurai_10_traceglasses_a_tracebased_debugger,
  timestamp = {2017-05-26T11:45:56Z},
  title = {Traceglasses: {{A}} Trace-Based Debugger for Realizing Efficient Navigation},
  volume = {3},
  shorttitle = {Traceglasses},
  number = {3},
  journaltitle = {IPSJ Special Interest Group on Programming},
  author = {Sakurai, Kouhei and Masuhara, H. and Komiya, S.},
  date = {2010},
  pages = {1--17},
  groups = {Intro}
}

@book{beizer_03_software_testing_techniques,
  timestamp = {2017-05-26T11:45:56Z},
  title = {Software Testing Techniques},
  publisher = {{Dreamtech Press}},
  author = {Beizer, Boris},
  date = {2003},
  groups = {Intro}
}

@article{trivedi_12_software_testing_techniques,
  timestamp = {2017-05-26T11:45:56Z},
  title = {Software Testing Techniques},
  volume = {2},
  url = {https://pdfs.semanticscholar.org/e9c8/cc8a3848fc8aa49d32c576455cd01e5dcb28.pdf},
  number = {10},
  journaltitle = {International Journal of Advanced Research in computer science and software Engineering},
  author = {Trivedi, Shivkumar Hasmukhrai},
  urldate = {2017-03-21},
  date = {2012},
  groups = {Intro}
}

@article{hailpern_02_software_debugging_testing,
  timestamp = {2017-05-26T11:45:56Z},
  title = {Software Debugging, Testing, and Verification},
  volume = {41},
  url = {http://ieeexplore.ieee.org/abstract/document/5386906/},
  number = {1},
  journaltitle = {IBM Systems Journal},
  author = {Hailpern, Brent and Santhanam, Padmanabhan},
  urldate = {2017-03-21},
  date = {2002},
  pages = {4--12},
  groups = {Intro}
}

@book{arvind_06_slicing_of_java_programs,
  timestamp = {2017-05-26T11:45:56Z},
  title = {Slicing of {{Java Programs}} Using the {{Soot Framework}}},
  author = {Arvind, D. and Shankar, Priti},
  date = {2006}
}

@inproceedings{szegedi_05_dynamic_slicing_of_java,
  timestamp = {2017-05-26T11:45:56Z},
  title = {Dynamic Slicing of {{Java}} Bytecode Programs},
  doi = {10.1109/SCAM.2005.8},
  eventtitle = {Fifth {{IEEE International Workshop}} on {{Source Code Analysis}} and {{Manipulation}}, 2005},
  booktitle = {Fifth {{IEEE International Workshop}} on {{Source Code Analysis}} and {{Manipulation}}, 2005},
  author = {Szegedi, A. and Gyimothy, T.},
  date = {2005-09},
  pages = {35--44},
  keywords = {Program slicing,Dynamic program slicing,Software Engineering,Concrete,Conferences,Instruments,Java,Java bytecode programs,Manuals,program compilers,Program processors,source code locations,virtual machine,Virtual machining,debugging}
}

@article{wang_08_dynamic_slicing_on_java,
  timestamp = {2017-05-26T11:45:56Z},
  title = {Dynamic {{Slicing}} on {{Java Bytecode Traces}}},
  volume = {30},
  issn = {0164-0925},
  doi = {10.1145/1330017.1330021},
  number = {2},
  journaltitle = {ACM Trans. Program. Lang. Syst.},
  author = {Wang, Tao and Roychoudhury, Abhik},
  urldate = {2014-03-13},
  date = {2008-03},
  pages = {10:1--10:49},
  keywords = {Program slicing,tracing,debugging}
}

@article{korel_90_dynamic_slicing_of_computer,
  timestamp = {2017-05-26T11:45:56Z},
  title = {Dynamic Slicing of Computer Programs},
  volume = {13},
  issn = {0164-1212},
  doi = {10.1016/0164-1212(90)90094-3},
  number = {3},
  journaltitle = {Journal of Systems and Software},
  shortjournal = {Journal of Systems and Software},
  author = {Korel, Bogdan and Laski, Janusz},
  urldate = {2014-03-13},
  date = {1990-11},
  pages = {187--195}
}

@inproceedings{weiser_81_program_slicing,
  timestamp = {2017-05-26T11:45:56Z},
  location = {{Piscataway, NJ, USA}},
  title = {Program {{Slicing}}},
  isbn = {0-89791-146-6},
  url = {http://dl.acm.org/citation.cfm?id=800078.802557},
  booktitle = {Proceedings of the 5th International Conference on {{Software}} Engineering},
  series = {ICSE '81},
  publisher = {{IEEE Press}},
  author = {Weiser, Mark},
  urldate = {2013-10-15},
  date = {1981},
  pages = {439--449},
  keywords = {Data flow analysis,Human Factors,Program maintenance,Program metrics,Software tools,debugging}
}

@article{boehm_87_improving_software_productivity,
  timestamp = {2017-05-26T11:45:56Z},
  title = {Improving {{Software Productivity}}},
  journaltitle = {Computer},
  author = {Boehm, Barry W.},
  date = {1987},
  pages = {43--47}
}

@article{weiser_82_programmers_use_slices_when,
  timestamp = {2017-05-26T11:45:56Z},
  title = {Programmers {{Use Slices When Debugging}}},
  volume = {25},
  issn = {0001-0782},
  doi = {10.1145/358557.358577},
  number = {7},
  journaltitle = {Commun. ACM},
  author = {Weiser, Mark},
  date = {1982-07},
  pages = {446--452},
  keywords = {program decomposition,slice}
}

@inproceedings{treffer_14_dynamic_slicing_with_soot,
  timestamp = {2017-05-26T11:45:56Z},
  location = {{New York, NY, USA}},
  title = {Dynamic {{Slicing}} with {{Soot}}},
  isbn = {978-1-4503-2919-4},
  doi = {10.1145/2614628.2614631},
  booktitle = {Proceedings of the 3rd {{ACM SIGPLAN International Workshop}} on the {{State}} of the {{Art}} in {{Java Program Analysis}}},
  series = {SOAP '14},
  publisher = {{ACM}},
  author = {Treffer, Arian and Uflacker, Matthias},
  date = {2014},
  pages = {1--6},
  keywords = {slicing,debugging,dynamic analysis,static analysis}
}

@inproceedings{salman_15_are_students_representatives,
  timestamp = {2017-05-26T11:45:56Z},
  location = {{Piscataway, NJ, USA}},
  title = {Are {{Students Representatives}} of {{Professionals}} in {{Software Engineering Experiments}}?},
  isbn = {978-1-4799-1934-5},
  url = {http://dl.acm.org/citation.cfm?id=2818754.2818836},
  booktitle = {Proceedings of the 37th {{International Conference}} on {{Software Engineering}} - {{Volume}} 1},
  series = {ICSE '15},
  publisher = {{IEEE Press}},
  author = {Salman, Iflaah and Misirli, Ayse Tosun and Juristo, Natalia},
  urldate = {2016-12-27},
  date = {2015},
  pages = {666--676},
  keywords = {empirical study,code quality,experimentation,test-driven development}
}

@inproceedings{hofer_06_design_and_implementation,
  timestamp = {2017-05-26T11:45:56Z},
  title = {Design and Implementation of a Backward-in-Time Debugger},
  url = {https://hal.archives-ouvertes.fr/inria-00555768/},
  booktitle = {{{NODe}} 2006},
  publisher = {{GI}},
  author = {Hofer, Christoph and Denker, Marcus and Ducasse, Stéphane},
  urldate = {2017-01-09},
  date = {2006},
  pages = {17--32}
}

@thesis{perscheid_13_testdriven_fault_navigation,
  timestamp = {2017-05-26T11:45:56Z},
  title = {Test-Driven {{Fault Navigation}} for {{Debugging Reproducible Failures}}},
  institution = {{University of Potsdam}},
  type = {Dissertation},
  author = {Perscheid, Michael},
  date = {2013-10}
}

@inproceedings{just_14_defects4j_a_database,
  timestamp = {2017-05-26T11:45:56Z},
  title = {{{Defects4J}}: {{A}} Database of Existing Faults to Enable Controlled Testing Studies for {{Java}} Programs},
  url = {http://dl.acm.org/citation.cfm?id=2628055},
  shorttitle = {{{Defects4J}}},
  booktitle = {Proceedings of the 2014 {{International Symposium}} on {{Software Testing}} and {{Analysis}}},
  publisher = {{ACM}},
  author = {Just, René and Jalali, Darioush and Ernst, Michael D.},
  urldate = {2017-02-15},
  date = {2014},
  pages = {437--440}
}

@article{host_00_using_students_as_subjectsa,
  timestamp = {2017-05-26T11:45:56Z},
  title = {Using Students as Subjects—a Comparative Study of Students and Professionals in Lead-Time Impact Assessment},
  volume = {5},
  url = {http://www.springerlink.com/index/WR11301162W4U937.pdf},
  number = {3},
  journaltitle = {Empirical Software Engineering},
  author = {Höst, Martin and Regnell, Björn and Wohlin, Claes},
  urldate = {2017-02-15},
  date = {2000},
  pages = {201--214}
}

@inproceedings{mcmeekin_09_the_significance_of_participant,
  timestamp = {2017-05-26T11:45:56Z},
  title = {The Significance of Participant Experience When Evaluating Software Inspection Techniques},
  url = {http://ieeexplore.ieee.org/abstract/document/5076642/},
  booktitle = {Software {{Engineering Conference}}, 2009. {{ASWEC}}'09. {{Australian}}},
  publisher = {{IEEE}},
  author = {McMeekin, David A. and family=Konsky, given=Brian R., prefix=von, useprefix=true and Robey, Michael and Cooper, David JA},
  urldate = {2017-02-15},
  date = {2009},
  pages = {200--209}
}

@inproceedings{venkatesh_91_the_semantic_approach,
  timestamp = {2017-05-26T11:45:56Z},
  title = {The Semantic Approach to Program Slicing},
  volume = {26},
  url = {http://dl.acm.org/citation.cfm?id=113455},
  booktitle = {{{ACM SIGPLAN Notices}}},
  publisher = {{ACM}},
  author = {Venkatesh, Guda A.},
  urldate = {2017-02-28},
  date = {1991},
  pages = {107--119}
}

@article{hall_95_automatic_extraction_of_executable,
  timestamp = {2017-05-26T11:45:56Z},
  title = {Automatic Extraction of Executable Program Subsets by Simultaneous Dynamic Program Slicing},
  volume = {2},
  url = {http://www.springerlink.com/index/LK75668XT56432XM.pdf},
  number = {1},
  journaltitle = {Automated Software Engineering},
  author = {Hall, Robert J.},
  urldate = {2017-02-28},
  date = {1995},
  pages = {33--53}
}

@article{perscheid_17_studying_the_advancement,
  timestamp = {2017-05-26T11:45:56Z},
  langid = {english},
  title = {Studying the Advancement in Debugging Practice of Professional Software Developers},
  volume = {25},
  issn = {0963-9314, 1573-1367},
  doi = {10.1007/s11219-015-9294-2},
  number = {1},
  journaltitle = {Software Quality Journal},
  author = {Perscheid, Michael and Siegmund, Benjamin and Taeumel, Marcel and Hirschfeld, Robert},
  urldate = {2017-02-28},
  date = {2017-03},
  pages = {83--110}
}

@article{wong_16_a_survey_on_software,
  timestamp = {2017-05-26T11:45:56Z},
  title = {A Survey on Software Fault Localization},
  volume = {42},
  url = {http://ieeexplore.ieee.org/abstract/document/7390282/},
  number = {8},
  journaltitle = {IEEE Transactions on Software Engineering},
  author = {Wong, W. Eric and Gao, Ruizhi and Li, Yihao and Abreu, Rui and Wotawa, Franz},
  urldate = {2017-02-28},
  date = {2016},
  pages = {707--740}
}

@inproceedings{kumar_02_better_slicing_of_programs,
  timestamp = {2017-05-26T11:45:56Z},
  title = {Better Slicing of Programs with Jumps and Switches},
  url = {http://link.springer.com/chapter/10.1007/3-540-45923-5_7},
  booktitle = {International {{Conference}} on {{Fundamental Approaches}} to {{Software Engineering}}},
  publisher = {{Springer}},
  author = {Kumar, Sumit and Horwitz, Susan},
  urldate = {2017-02-28},
  date = {2002},
  pages = {96--112}
}

@article{reps_94_speeding_up_slicing,
  timestamp = {2017-05-26T11:45:56Z},
  title = {Speeding up Slicing},
  volume = {19},
  url = {http://dl.acm.org/citation.cfm?id=195287},
  number = {5},
  journaltitle = {ACM SIGSOFT Software Engineering Notes},
  author = {Reps, Thomas and Horwitz, Susan and Sagiv, Mooly and Rosay, Genevieve},
  urldate = {2017-02-28},
  date = {1994},
  pages = {11--20}
}

@article{korel_98_dynamic_program_slicing_methods,
  timestamp = {2017-05-26T11:45:56Z},
  title = {Dynamic Program Slicing Methods},
  volume = {40},
  url = {http://www.sciencedirect.com/science/article/pii/S0950584998000895},
  number = {11},
  journaltitle = {Information and Software Technology},
  author = {Korel, Bogdan and Rilling, Jurgen},
  urldate = {2017-02-28},
  date = {1998},
  pages = {647--659}
}

@inproceedings{liang_16_understanding_and_detecting_performance,
  timestamp = {2017-05-29T07:09:14Z},
  title = {Understanding and Detecting Performance and Security Bugs in {{IOT OSes}}},
  doi = {10.1109/SNPD.2016.7515933},
  eventtitle = {2016 17th {{IEEE}}/{{ACIS International Conference}} on {{Software Engineering}}, {{Artificial Intelligence}}, {{Networking}} and {{Parallel}}/{{Distributed Computing}} ({{SNPD}})},
  booktitle = {2016 17th {{IEEE}}/{{ACIS International Conference}} on {{Software Engineering}}, {{Artificial Intelligence}}, {{Networking}} and {{Parallel}}/{{Distributed Computing}} ({{SNPD}})},
  author = {Liang, H. and Zhao, Q. and Wang, Y. and Liu, H.},
  date = {2016-05},
  pages = {413--418},
  keywords = {Program debugging,program compilers,Software tools,static analysis,Internet of Things,operating systems (computers),public domain software,security of data,Contiki,LLVM compiler framework,RIOT OS,Rulede tool,TinyOS,bugs detection rules,bugs fixing,bugs mitigation,open source IOT OS,operating system,performance bug detection,power utilization mechanism,security bug detection,storage resources,Computer bugs,Memory management,Redundancy,Resource management,Security,Software,software performance bugs,software security bugs},
  groups = {Intro}
}

@article{al_16_security_on_iot,
  timestamp = {2017-05-29T07:09:19Z},
  title = {Security on {{IOT}} and {{Health Devices Connected}} to {{Mobile}}},
  url = {https://works.bepress.com/rhee-hal/1/},
  journaltitle = {Life},
  author = {Al, Rhee H. and H, Zhang and Schneider, Jon},
  urldate = {2017-05-29},
  date = {2016},
  groups = {Intro}
}

@article{araki_91_a_general_framework,
  timestamp = {2017-06-02T11:35:27Z},
  title = {A {{General Framework}} for {{Debugging}}},
  volume = {8},
  url = {http://ieeexplore.ieee.org/abstract/document/88939/},
  number = {3},
  journaltitle = {IEEE software},
  author = {Araki, Keijiro and Furukawa, Zengo and Cheng, Jingde},
  date = {1991},
  pages = {14--20},
  groups = {Intro}
}

@inproceedings{ottenstein_84_the_program_dependence_graph,
  timestamp = {2017-06-01T12:34:10Z},
  title = {The Program Dependence Graph in a Software Development Environment},
  volume = {19},
  url = {http://dl.acm.org/citation.cfm?id=808263},
  booktitle = {{{ACM Sigplan Notices}}},
  publisher = {{ACM}},
  author = {Ottenstein, Karl J. and Ottenstein, Linda M.},
  date = {1984},
  pages = {177--184},
  groups = {Intro}
}

@article{johnson_78_the_design_and_implementation,
  timestamp = {2017-06-01T12:35:12Z},
  title = {The Design and Implementation of a Run-Time Analysis and Interactive Debugging Environment},
  url = {https://open.library.ubc.ca/cIRcle/collections/ubctheses/831/items/1.0051800},
  author = {Johnson, Mark Scott},
  date = {1978},
  groups = {Intro}
}

@inproceedings{gramlich_83_debugging_methodology_session_summary,
  timestamp = {2017-06-01T12:36:54Z},
  location = {{New York, NY, USA}},
  title = {Debugging {{Methodology}}: {{Session Summary}}},
  isbn = {978-0-89791-111-5},
  doi = {10.1145/1006147.1006149},
  shorttitle = {Debugging {{Methodology}}},
  booktitle = {Proceedings of the {{Symposium}} on {{High}}-Level {{Debugging}}},
  series = {SIGSOFT '83},
  publisher = {{ACM}},
  author = {Gramlich, Wayne C.},
  date = {1983},
  pages = {1--3},
  groups = {Intro}
}

@inproceedings{linton_90_the_evolution_of_dbx,
  timestamp = {2017-06-01T12:37:18Z},
  title = {The {{Evolution}} of {{Dbx}}.},
  url = {https://pdfs.semanticscholar.org/95dd/42a7390e62f46e2779023ae77191e461a436.pdf},
  booktitle = {{{USENIX Summer}}},
  author = {Linton, Mark A.},
  date = {1990},
  pages = {211--220},
  groups = {Intro}
}

@article{powell_83_a_database_model,
  timestamp = {2017-06-01T12:37:38Z},
  title = {A Database Model of Debugging},
  volume = {3},
  url = {http://www.sciencedirect.com/science/article/pii/0164121283900158},
  number = {4},
  journaltitle = {Journal of Systems and Software},
  author = {Powell, Michael L. and Linton, Mark A.},
  date = {1983},
  pages = {295--300},
  groups = {Intro}
}

@book{ramsey_92_a_retargetable_debugger,
  timestamp = {2017-06-01T12:39:30Z},
  title = {A Retargetable Debugger},
  volume = {27},
  url = {http://dl.acm.org/citation.cfm?id=143112},
  number = {7},
  publisher = {{ACM}},
  author = {Ramsey, Norman and Hanson, David R.},
  date = {1992},
  groups = {Intro}
}

@article{myers_80_displaying_data_structures,
  timestamp = {2017-06-01T12:40:16Z},
  title = {Displaying Data Structures for Interactive Debugging},
  url = {http://repository.cmu.edu/cgi/viewcontent.cgi?article=1820&context=isr},
  author = {Myers, Brad},
  date = {1980},
  groups = {Intro}
}

@article{olsson_91_sequential_debugging_at,
  timestamp = {2017-06-01T12:41:17Z},
  title = {Sequential Debugging at a High Level of Abstraction},
  volume = {8},
  url = {http://ieeexplore.ieee.org/abstract/document/88941/},
  number = {3},
  journaltitle = {IEEE Software},
  author = {Olsson, Ronald A. and Crawford, Richard H. and Ho, W. Wilson and Wee, Christopher E.},
  date = {1991},
  pages = {27--36},
  groups = {Intro}
}

@article{adams_86_dbxtool_a_windowbased_symbolic,
  timestamp = {2017-06-01T12:42:02Z},
  title = {Dbxtool: {{A}} Window-Based Symbolic Debugger for Sun Workstations},
  volume = {16},
  url = {http://onlinelibrary.wiley.com/doi/10.1002/spe.4380160705/full},
  shorttitle = {Dbxtool},
  number = {7},
  journaltitle = {Software: Practice and Experience},
  author = {Adams, Evan and Muchnick, Steven S.},
  date = {1986},
  pages = {653--669},
  groups = {Intro}
}

@article{johnston_04_advances_in_dataflow_programming,
  timestamp = {2017-06-01T12:42:43Z},
  title = {Advances in Dataflow Programming Languages},
  volume = {36},
  url = {http://dl.acm.org/citation.cfm?id=1013209},
  number = {1},
  journaltitle = {ACM Computing Surveys (CSUR)},
  author = {Johnston, Wesley M. and Hanna, J. R. and Millar, Richard J.},
  date = {2004},
  pages = {1--34},
  groups = {Intro}
}

@article{schwartz_71_an_overview_of_bugs,
  timestamp = {2017-06-02T11:34:57Z},
  title = {An {{Overview}} of {{Bugs}}},
  journaltitle = {Debugging Techniques in Large Systems},
  author = {Schwartz, Jacob T.},
  date = {1971},
  pages = {1--16},
  groups = {Intro}
}

@article{radatz_90_ieee_standard_glossary,
  timestamp = {2017-06-01T12:47:38Z},
  title = {{{IEEE}} Standard Glossary of Software Engineering Terminology},
  volume = {610121990},
  number = {121990},
  journaltitle = {IEEE Std},
  author = {Radatz, Jane and Geraci, Anne and Katki, Freny},
  date = {1990},
  pages = {3},
  groups = {Intro}
}

@inproceedings{saunders_65_online_debugging_systems,
  timestamp = {2017-06-01T12:48:59Z},
  title = {On-Line Debugging Systems},
  booktitle = {Proceedings of the {{IFIP Congress}}},
  author = {Saunders, R. and Wagner, R.},
  date = {1965},
  pages = {545--546},
  groups = {Intro}
}

@article{lieberman_97_the_debugging_scandal,
  timestamp = {2017-06-02T08:23:35Z},
  title = {The {{Debugging Scandal}} and {{What}} to {{Do About It}}},
  volume = {40},
  url = {http://go.galegroup.com/ps/i.do?p=AONE&sw=w&issn=00010782&v=2.1&it=r&id=GALE%7CA19416949&sid=googleScholar&linkaccess=fulltext},
  number = {4},
  journaltitle = {Communications of the ACM},
  author = {Lieberman, Henry},
  date = {1997},
  pages = {26--30}
}

@article{yin_11_debugging_scandal_the_next,
  timestamp = {2017-06-02T07:52:34Z},
  title = {Debugging Scandal: {{The}} next Generation},
  url = {http://eprints.eemcs.utwente.nl/21629/01/RAMSE11-1.pdf},
  shorttitle = {Debugging Scandal},
  author = {Yin, Haihan and Bockisch, C. M. and Akşit, Mehmet and De Borger, Wouter and Lagaisse, Bert and Joosen, Wouter},
  date = {2011}
}

@online{__programming_on_an_already,
  timestamp = {2017-06-02T07:53:08Z},
  title = {Programming on an {{Already Full Brain}}},
  url = {http://web.media.mit.edu/~lieber/Lieberary/Softviz/CACM-Debugging/Already-Full/Already-Full.html},
  urldate = {2017-06-02}
}

@article{ungar_97_debugging_and_the_experience,
  timestamp = {2017-06-02T11:40:02Z},
  title = {Debugging and the {{Experience}} of {{Immediacy}}},
  volume = {40},
  url = {http://dl.acm.org/citation.cfm?id=248457},
  number = {4},
  journaltitle = {Communications of the ACM},
  author = {Ungar, David and Lieberman, Henry and Fry, Christopher},
  date = {1997},
  pages = {38--43},
  groups = {Intro}
}

@inproceedings{sahoo_10_an_empirical_study,
  timestamp = {2017-06-02T11:34:30Z},
  title = {An {{Empirical Study}} of {{Reported Bugs}} in {{Server Software}} with {{Implications}} for {{Automated Bug Diagnosis}}},
  volume = {1},
  url = {http://ieeexplore.ieee.org/abstract/document/6062116/},
  booktitle = {Software {{Engineering}}, 2010 {{ACM}}/{{IEEE}} 32nd {{International Conference}} On},
  publisher = {{IEEE}},
  author = {Sahoo, Swarup Kumar and Criswell, John and Adve, Vikram},
  date = {2010},
  pages = {485--494},
  groups = {Intro}
}

@article{turhan_09_data_mining_source_code,
  timestamp = {2017-06-02T09:10:39Z},
  title = {Data Mining Source Code for Locating Software Bugs: {{A}} Case Study in Telecommunication Industry},
  volume = {36},
  url = {http://www.sciencedirect.com/science/article/pii/S0957417408009275},
  shorttitle = {Data Mining Source Code for Locating Software Bugs},
  number = {6},
  journaltitle = {Expert Systems with Applications},
  author = {Turhan, Burak and Kocak, Gozde and Bener, Ayse},
  date = {2009},
  pages = {9986--9990},
  groups = {Intro}
}

@inproceedings{guo_10_characterizing_and_predicting_which,
  timestamp = {2017-06-02T11:34:45Z},
  title = {Characterizing and {{Predicting Which Bugs Get Fixed}}: {{An Empirical Study}} of {{Microsoft Windows}}},
  volume = {1},
  url = {http://ieeexplore.ieee.org/abstract/document/6062117/},
  shorttitle = {Characterizing and Predicting Which Bugs Get Fixed},
  booktitle = {Software {{Engineering}}, 2010 {{ACM}}/{{IEEE}} 32nd {{International Conference}} On},
  publisher = {{IEEE}},
  author = {Guo, Philip J. and Zimmermann, Thomas and Nagappan, Nachiappan and Murphy, Brendan},
  date = {2010},
  pages = {495--504},
  groups = {Intro}
}

@inproceedings{johnson_13_why_dont_software_developers,
  timestamp = {2017-06-02T11:34:09Z},
  title = {Why {{Don}}'t {{Software Developers Use Static Analysis Tools}} to {{Find Bugs}}?},
  url = {http://ieeexplore.ieee.org/abstract/document/6606613/},
  booktitle = {Software {{Engineering}} ({{ICSE}}), 2013 35th {{International Conference}} On},
  publisher = {{IEEE}},
  author = {Johnson, Brittany and Song, Yoonki and Murphy-Hill, Emerson and Bowdidge, Robert},
  date = {2013},
  pages = {672--681},
  groups = {Intro}
}

@article{charette_05_why_software_fails,
  timestamp = {2017-06-02T11:32:56Z},
  title = {Why {{Software Fails}}},
  volume = {42},
  url = {http://ieeexplore.ieee.org/abstract/document/1502528/},
  number = {9},
  journaltitle = {Ieee Spectrum},
  author = {Charette, Robert N.},
  date = {2005},
  pages = {42--49},
  groups = {Intro}
}

@book{evans_08_invisible_engines_how_software,
  timestamp = {2017-06-02T09:28:38Z},
  title = {Invisible Engines: How Software Platforms Drive Innovation and Transform Industries},
  url = {https://books.google.de/books?hl=en&lr=&id=5Wx6-uv-DSkC&oi=fnd&pg=PP1&dq=software+innovation+in+cars&ots=2ww7yycfmk&sig=Y88ZVpgIGa1xJADEzws1fpU27SQ},
  shorttitle = {Invisible Engines},
  publisher = {{MIT press}},
  author = {Evans, David S. and Hagiu, Andrei and Schmalensee, Richard},
  date = {2008},
  groups = {Intro}
}

@article{gorschek_10_a_lightweight_innovation_process,
  timestamp = {2017-06-02T09:29:09Z},
  title = {A Lightweight Innovation Process for Software-Intensive Product Development},
  volume = {27},
  url = {http://search.proquest.com/openview/d995c9d199a97054d39911f935e0bc71/1?pq-origsite=gscholar&cbl=37787},
  number = {1},
  journaltitle = {IEEE software},
  author = {Gorschek, Tony and Fricker, Samuel and Palm, Kenneth and Kunsman, Steven},
  date = {2010},
  pages = {37},
  groups = {Intro}
}

@book{beck_03_testdriven_development_by_example,
  timestamp = {2017-06-12T08:15:28Z},
  title = {Test-Driven Development: By Example},
  url = {https://books.google.de/books?hl=en&lr=&id=CUlsAQAAQBAJ&oi=fnd&pg=PR7&dq=test+driven+development&ots=QAk--8-QLW&sig=BUwRjfhNIdCXFeuQz8jA3y85UGk},
  shorttitle = {Test-Driven Development},
  publisher = {{Addison-Wesley Professional}},
  author = {Beck, Kent},
  date = {2003},
  groups = {Intro}
}

@inproceedings{williams_03_testdriven_development_as,
  timestamp = {2017-06-12T08:16:37Z},
  title = {Test-Driven Development as a Defect-Reduction Practice},
  url = {http://ieeexplore.ieee.org/abstract/document/1251029/},
  booktitle = {Software {{Reliability Engineering}}, 2003. {{ISSRE}} 2003. 14th {{International Symposium}} On},
  publisher = {{IEEE}},
  author = {Williams, Laurie and Maximilien, E. Michael and Vouk, Mladen},
  date = {2003},
  pages = {34--45},
  groups = {Intro}
}

@inproceedings{storey_97_how_do_program_understanding,
  timestamp = {2017-06-15T09:37:04Z},
  title = {How Do Program Understanding Tools Affect How Programmers Understand Programs?},
  url = {http://ieeexplore.ieee.org/xpls/abs_all.jsp?arnumber=624572},
  booktitle = {Reverse {{Engineering}}, 1997. {{Proceedings}} of the {{Fourth Working Conference}} On},
  author = {Storey, M.-AD and Wong, Kenny and Muller, Hausi A.},
  urldate = {2013-10-29},
  date = {1997},
  pages = {12--21},
  groups = {Intro,interactive}
}

@article{korel_88_dynamic_program_slicing,
  timestamp = {2017-11-06T09:58:55Z},
  title = {Dynamic {{Program Slicing}}},
  volume = {29},
  number = {3},
  journaltitle = {Information processing letters},
  author = {Korel, Bogdan and Laski, Janusz},
  date = {1988},
  pages = {155--163},
  groups = {ids}
}

@book{hoffner_95_evaluation_and_comparison,
  timestamp = {2017-11-06T10:00:50Z},
  title = {Evaluation and {{Comparison}} of {{Program Slicing Tools}}},
  publisher = {{Linköping University, Department of Computer and Information Science}},
  author = {Hoffner, Tommy},
  date = {1995},
  groups = {ids}
}

@article{venkatesh_95_experimental_results_from_dynamica,
  timestamp = {2017-11-06T10:00:02Z},
  title = {Experimental {{Results}} from {{Dynamic Slicing}} of {{C Programs}}},
  volume = {17},
  issn = {0164-0925},
  doi = {10.1145/201059.201062},
  number = {2},
  journaltitle = {ACM Trans. Program. Lang. Syst.},
  author = {Venkatesh, G. A.},
  urldate = {2017-11-06},
  date = {1995-03},
  pages = {197--216},
  keywords = {program analysis,program slice},
  groups = {ids}
}

@inproceedings{atkinson_02_program_slicing_using_dynamic,
  timestamp = {2017-11-06T10:08:31Z},
  title = {Program {{Slicing Using Dynamic Points}}-{{To Data}}},
  booktitle = {{{ACM SIGSOFT}} 10th {{Symposium}} on the {{Foundations}} of {{Software Engineering}}},
  author = {Atkinson, Darren C. and Mock, Markus and Chambers, Craig and Eggers, Susan J.},
  date = {2002},
  groups = {ids}
}

@book{tip_94_a_survey_of_program,
  timestamp = {2017-11-08T13:35:15Z},
  title = {A Survey of Program Slicing Techniques},
  publisher = {{Centrum voor Wiskunde en Informatica}},
  author = {Tip, Frank},
  date = {1994},
  groups = {ids}
}

@comment{jabref-meta: databaseType:biblatex;}
@comment{jabref-meta: groupstree:
0 AllEntriesGroup:;
;
}

