@inproceedings{Kay:2011:PCC:800193.1971922,
  author = {Kay, Alan C.},
  title = {A Personal Computer for Children of All Ages},
  booktitle = {Proceedings of the ACM annual conference - Volume 1},
  series = {ACM '72},
  year = {1972},
  location = {Boston, Massachusetts, United States},
  articleno = {1},
  url = {http://doi.acm.org/10.1145/800193.1971922},
  doi = {10.1145/800193.1971922},
  acmid = {1971922},
  publisher = {ACM}}

@article{JournalPaper,
  Author = {Name, Firstname and Tester, Beta},
  Journal = {Journal of Computer Science},
  Number = {3},
  Pages = {44--88},
  Title = {A reputable journal article},
  Volume = {1},
  Year = {2036}}


@inproceedings{ConferencePaper,
  Author = {Name, Firstname and Tester, Beta},
  Booktitle = {32nd Conference on Computer Science (CCS'36)},
  Editor = {Parker, Peter},
  Pages = {10--18},
  Publisher = {ACM},
  Title = {An article: how it is to be},
  Year = {2036}}


@inproceedings{WorkshopPaper,
  Author = {Name, Firstname},
  Booktitle = {16th Workshop on Doing things (DOIT'30)},
  Editor = {Falk, Peter and Bussard, Hans},
  Pages = {36--38},
  Publisher = {ACM},
  Title = {Doing things},
  Year = {2030}}


@inbook{BookEntry,
  Author = {Name, Firstname},
  Booktitle = {All on It, the companion},
  Chapter = {4},
  Publisher = {Springer},
  Title = {This is it},
  Year = {2036}}


@techreport{TechReport,
  Author = {Name, Firstname},
  Institution = {HPI},
  Number = {TR-348},
  Title = {How it is to be: extended},
  Year = {2033}}
